@article{Wang2021ALearning,
    title = {{A Survey on Trajectory Data Management, Analytics, and Learning}},
    year = {2021},
    journal = {ACM Computing Surveys},
    author = {Wang, Sheng and Bao, Zhifeng and Culpepper, J. Shane and Cong, Gao},
    number = {2},
    volume = {54},
    doi = {10.1145/3440207},
    issn = {15577341},
    arxivId = {2003.11547},
    keywords = {Trajectory, deep learning, similarity search, storage system, urban analytics}
}